3367 5234
633 315 761 378 244
1605 334 1811 377 izvom
1857 332 2147 376 rmsffls.

1051 502 1572 569 conturbabimus
1616 501 1745 582 illa,
1793 524 1873 567 ne
1919 501 2211 585 sciamus,

1051 618 1161 673 aut
1204 630 1286 673 ne
1330 609 1472 693 quis
1517 606 1722 672 malus
1768 606 2050 671 invidere
2095 607 2306 691 possit,

1051 735 1195 777 cum
1243 720 1490 777 tantum
1538 713 1694 777 sciet
1738 734 1873 777 esse
1915 711 2259 777 basiorum.

723 906 977 991 Pjesma
1024 905 1123 969 55.
1171 906 1234 990 je
1279 926 1361 990 po
1408 904 1751 989 Tibulovoj
1806 902 1946 985 (IV.
2003 901 2110 985 14)
2157 903 2416 987 pjesmi:

1054 1026 1300 1093 Rumor
1344 1028 1435 1093 ait
1478 1027 1700 1093 crebro
1747 1037 2026 1092 nostram
2075 1047 2336 1111 peccare
2383 1023 2689 1109 puellam:

1140 1154 1312 1198 nunc
1357 1155 1476 1217 ego
1524 1154 1626 1197 me
1672 1133 1873 1196 surdis
1920 1130 2178 1196 auribus
2222 1152 2357 1195 esse
2401 1128 2611 1193 velim.

1054 1235 1338 1302 Crimina
1360 1260 1488 1302 non
1511 1237 1668 1303 haec
1693 1246 1840 1301 sunt
1863 1245 2076 1301 nostro
2099 1236 2235 1301 sine
2256 1235 2435 1320 jacta
2463 1233 2713 1298 dolore:

1138 1340 1292 1427 quid
1331 1342 1633 1407 miserum
1663 1350 1941 1426 torques,
1973 1361 2190 1404 rumor
2225 1337 2506 1405 acerbe?
2551 1349 2707 1404 tace.

726 1532 979 1617 Pjesma
1029 1533 1172 1597 124.
1222 1532 1283 1615 je
1329 1553 1411 1617 po
1461 1529 1897 1614 Marcijalovoj
1947 1529 2063 1613 (v.
2112 1528 2228 1612 42)
2274 1511 2534 1616 pienti:

1056 1651 1341 1718 Callidus
1388 1645 1651 1719 effracta
1696 1674 1991 1719 nummos
2037 1653 2140 1717 fur
2185 1652 2426 1718 auferet
2470 1674 2639 1729 arca,

1142 1768 1496 1845 prosternet
1542 1759 1781 1844 patrios
1827 1759 2023 1842 impia
2066 1757 2323 1822 flamma
2367 1756 2565 1822 lares:

1057 1860 1303 1927 debitor
1348 1884 1603 1927 usuram
1652 1862 1889 1946 pariter
1934 1871 2291 1949 sortemque
2336 1861 2612 1947 negabit,

1143 1990 1271 2032 non
1316 1964 1535 2032 reddet
1579 1965 1806 2032 sterilis
1852 1969 2095 2031 semina
2131 1967 2308 2050 jacta
2354 1987 2573 2051 seges:

1057 2070 1551 2158 dispensatorem
1598 2070 1795 2136 fallax
1842 2071 2135 2157 spoliabit
2179 2073 2405 2156 amica,

1107 2177 1461 2242 .mercibus
1505 2186 1860 2242 exstructas
1907 2177 2132 2242 obruet
2176 2176 2349 2242 nuda
2393 2186 2576 2241 rates.

1057 2280 1262 2346 Extra
1305 2280 1628 2346 fortunam
1672 2292 1770 2346 est
1845 2283 1893 2345 si
1943 2281 2097 2367 quid
2143 2281 2414 2346 donatur
2458 2280 2716 2345 amicis:

1144 2406 1302 2470 quas
1347 2384 1613 2463 dederis,
1663 2385 1829 2451 solas
1875 2408 2121 2471 semper
2166 2384 2430 2451 habebis
2475 2407 2643 2470 opes.

732 2590 987 2674 Pjesma
1012 2591 1158 2656 2134
1192 2595 1256 2679 je
1284 2617 1511 2660 veoma
1540 2594 1847 2660 slobodan
1871 2595 2098 2680 prerad
2124 2594 2567 2680 Propercijeve
2592 2591 2740 2676 (ΙΙΙ.
2767 2593 2838 2677 3)
2863 2595 3143 2679 piesme:

1058 2716 1439 2803 Quicunque
1482 2716 1586 2781 ille
1631 2717 1772 2799 fuit,
1822 2738 2086 2800 puerum
2133 2717 2243 2802 qui
2289 2717 2498 2802 pinxit
2542 2715 2868 2789 Amorem.

1142 2842 1354 2886 nonne
1400 2830 1605 2906 putas,
1655 2822 1849 2884 miras
1893 2819 2063 2885 hunc
2107 2820 2401 2886 habuisse
2441 2819 2717 2885 manus?

1059 2924 1181 2989 Hic
1224 2928 1466 3012 primus
1513 2925 1673 2991 vidit
1719 2927 1852 2991 sine
1899 2948 2084 2990 sensu
2132 2927 2348 2990 vivere
2392 2935 2676 2990 amanws

1148 3040 1212 3096 et
1254 3031 1500 3096 levibus
1546 3032 1715 3095 curis
1762 3053 1995 3116 magna
2035 3032 2239 3116 perire
2284 3030 2469 3098 bona.

1063 3134 1242 3199 Idem
1287 3158 1418 3201 non
1465 3136 1701 3201 frustra
1744 3147 2041 3202 ventosas
2086 3134 2331 3201 addidit
2375 3133 2526 3217 alas,

1149 3239 1299 3304 fecit
1344 3250 1408 3304 et
1451 3238 1731 3305 humano
1779 3240 1970 3305 corde
2014 3240 2229 3304 volare
2271 3239 2496 3321 deumr,

1063 3342 1297 3409 scilicet
1341 3344 1587 3410 alterna
1630 3345 1932 3430 quoniam
1979 3345 2293 3430 jactamur
2335 3345 2402 3407 in
2449 3341 2642 3427 unda,

1148 3458 1489 3535 nostraque
1537 3472 1662 3514 non
1710 3448 1853 3514 ullis
1898 3459 2228 3534 permanet
2271 3470 2427 3512 aura
2472 3447 2657 3512 locis:

1064 3563 1127 3619 et
1170 3555 1393 3619 merito
1438 3553 1709 3620 hamatis
1755 3576 1981 3619 manus
2026 3565 2122 3619 est
2168 3563 2413 3618 armata
2455 3553 2722 3637 sagittis,

1151 3667 1216 3724 et
1260 3657 1555 3744 pharetra
1599 3680 1681 3723 ex
1711 3657 1989 3749 *humero
2036 3656 2282 3723 Gnosia
2329 3668 2600 3743 utroque
2628 3659 2827 3735 iacet3

1068 3775 1216 3828 ante
1245 3763 1392 3828 ferit
1421 3764 1740 3849 quoniam,
1775 3764 1895 3828 tuti
1926 3785 2114 3848 quam
2151 3763 2465 3827 cernimus
2493 3761 2758 3838 hostem,

1153 3890 1271 3932 nec
1317 3869 1654 3955 quisquam
1701 3891 1780 3933 ex
1826 3866 1933 3934 illo
1979 3866 2235 3932 volnere
2280 3889 2472 3932 sanus
2518 3867 2670 3933 abit.

1067 3972 1141 4037 In
1191 3994 1293 4037 me
1337 3972 1463 4037 tela
1507 3982 1782 4053 manent,
1826 3982 2041 4041 manet
2085 3982 2150 4037 et
2193 3971 2450 4058 puerilis
2494 3972 2738 4055 imago:

1154 4074 1266 4141 sed
1311 4086 1476 4141 certe
1522 4098 1763 4161 pennas
1809 4076 2084 4162 perdidit
2130 4074 2234 4142 ille
2278 4095 2458 4156 suas3

1068 4181 1277 4247 evolat
1320 4180 1446 4245 heu
1489 4191 1727 4269 nostro·
1751 4184 2050 4266 quoniam
2099 4179 2178 4245 de
2222 4190 2475 4267 pectore
2520 4200 2832 4265 nusquam

1156 4283 1580 4369 adsiduusque
1625 4306 1768 4349 meo
1814 4286 2119 4369 sanguine
2165 4283 2332 4349 bella
2375 4284 2556 4370 gerit.

1071 4391 1198 4472 Qui
1242 4388 1357 4455 tibi
1395 4388 1749 4473 jocundum
1796 4399 1891 4453 est
1935 4391 2116 4454 siccis
2162 4388 2448 4454 habitare
2493 4384 2834 4453 medullis?

1159 4497 1177 4558 i
1223 4517 1403 4582 puer,
1448 4517 1548 4572 en,
1595 4494 1719 4558 alio
1765 4495 1959 4558 traice
2004 4493 2129 4558 tela
2172 4495 2315 4558 tua!
